@INPROCEEDINGS{1314666, 
author={K. Barker and T. Trafalis and T. R. Rhoads}, 
booktitle={Proceedings of the 2004 IEEE Systems and Information Engineering Design Symposium, 2004.}, 
title={Learning from student data}, 
year={2004}, 
volume={}, \textsl{}
number={}, 
pages={79-86}, 
doi={10.1109/SIEDS.2004.239819}, 
ISSN={}, 
month={April},}


@InProceedings{luo,
	author = {Ling Lou and Irena Koprinska and Wel Liu},
	title = {Discrimination-Aware Classifiers for Student Performance Prediction},
	booktitle = {Proceedings from the 8th International Conference of Educational Data Mining},
	pages = {384-387},
	year = {2015},
}

@Article{yorek,
	author = {Nurettin Yorek and Ilker Ugulu},
	title = {A CFBPN Artificial Neural Network Model for Educational Qualitative Data Analyses: Example of Students' Attitudes Based on Kellerts' Typologies},
	journal = {Educational Research and Reviews},
	year = {2015},
	volume = {10},
	pages = {2606-2616},
	month = {September},
}

@Article{behdad,
	author = {Behdad Bakhshinategh and Osmar R. Zaiane and Samira ElAtia and Donald Ipperciel},
	title = {Educational Data Mining Applications and Tasks: A Survey of the Last 10 Years},
	journal = {Journal of Educational Data Mining},
	year = {2018},
	volume = {23},
	number = {1},
	pages = {537-553},
	month = {January}
}

@Article{huebner,
	author = {Richard A. Huebner},
	title = {A Survey of Educational Data-Mining Research
	},
	journal = {Research in Higher Education},
	year = {2013},
	volume = {19},
}

@Article{slater,
	author = {Stegan Slater and Srecko Joksimovic and Vitomir Kovanoiv and Ryan S. Baker and Dragan Gasevic},
	title = {Tools for Educational Data Mining: A Review},
	journal = {Journal of Educational and Behavioral Statistics},
	year = {2017},
	volume = {42},
	number = {1},
	pages = {85-106},
	month = {February},
}

@Misc{mathis,
	OPTauthor = {William J Mathis},
	OPTtitle = {Research-Based Options for Education Policy Making; Effectiveness of Class Size Reductions},
	OPThowpublished = {online},
	OPTmonth = {June},
	OPTyear = {2016},
	OPTnote = {note},
	OPTannote = {annote},
}

@Article{glass,
	author = {Gene V. Glass and Mary Lee Smith},
	title = {Meta-Analysis of Research on Class Size and Achievement},
	journal = {Educational Evaluation and Policy Analysis},
	year = {1979},
	volume = {1},
	number = {1},
	pages = {2-16},
}

@Article{finn,
	author = {Jeremey D. Finn and Charles M Achilles},
	title = {Tennessee's Class Size Study: Findings, Implications and Misconceptions},
	journal = {Educational Evaluation and Policy Anlysis},
	year = {1999},
	volume = {21},
	number = {2},
	pages = {97-109},
}

@Article{jepsen,
	author = {Christopher Kepsen and Steven Rivkin},
	title = {Class Size Reduction and Student Achievement: The Potential Tradeoff between Teacher Quality and Class Size},
	journal = {The Journal of Human Resources},
	year = {2009},
	volume = {44},
	number = {1},
	pages = {223-250},
}

@Article{hoxby,
	author = {Caroline M. Hoxy},
	title = {The Effects of Class Size and Composition on Student Achievement: New Evidence From Natural Population Variation},
	journal = {Quarterly Journal of Economics},
	year = {2000},
	volume = {115},
	pages = {1239-1285},
}

@Article{mosteller,
	author = {Frederick Mosteller},
	title = {The Tennessee Study of Class Size in the Early School Grades},
	journal = {Critical Issues for Children and Youths},
	year = {1995},
	volume = {5},
	number = {2},
	pages = {113-127},
	month = {Summer/Fall},
}

@Article{grimmer,
	author = {David Grimmer},
	title = {Class Size Effects: Assesing the Evidence, its Policy Implications and Future Research Agenda},
	journal = {Educational Evaluation and Policy Analysis},
	year = {1999},
	volume = {21},
	number = {2},
	pages = {231-248},
}



@TechReport{edmond,
	author = {Office of Educational Quality and Accountability},
	title = {2016 District Profiles - Edmond},
	institution = {Oklahoma State Department of Education},
	year = {2016},
	type = {Report},
}

@TechReport{okcps,
	author = {Office of Educational Quality and Accountability},
	title = {2016 District Profiles - Oklahoma City},
	institution = {Oklahoma State Department of Education},
	year = {2016},
	type = {Report},
}

@TechReport{grant,
	author = {Office of Educational Quality and Accountability},
	title = {2016 School Profiles - U.S. Grant High School OKCPS},
	institution = {Oklahoma State Department of Education},
	year = {2016},
	type = {Report},
}


@TechReport{starspencer,
	author = {Office of Educational Quality and Accountability},
	title = {2016 School Profiles - Star Spencer High School OKCPS},
	institution = {Oklahoma State Department of Education},
	year = {2016},
	type = {Report},
}



